%YAML 1.1
%TAG !u! tag:unity3d.com,2011:
--- !u!1 &996339924042741499
GameObject:
  m_ObjectHideFlags: 0
  m_CorrespondingSourceObject: {fileID: 0}
  m_PrefabInstance: {fileID: 0}
  m_PrefabAsset: {fileID: 0}
  serializedVersion: 6
  m_Component:
  - component: {fileID: 996339924042741476}
  - component: {fileID: 1101832826101347622}
  m_Layer: 0
  m_Name: Wave6
  m_TagString: Untagged
  m_Icon: {fileID: 0}
  m_NavMeshLayer: 0
  m_StaticEditorFlags: 0
  m_IsActive: 1
--- !u!4 &996339924042741476
Transform:
  m_ObjectHideFlags: 0
  m_CorrespondingSourceObject: {fileID: 0}
  m_PrefabInstance: {fileID: 0}
  m_PrefabAsset: {fileID: 0}
  m_GameObject: {fileID: 996339924042741499}
  m_LocalRotation: {x: 0, y: 0, z: 0, w: 1}
  m_LocalPosition: {x: 0, y: 0, z: 0}
  m_LocalScale: {x: 1, y: 1, z: 1}
  m_Children:
  - {fileID: 5293888647543150926}
  - {fileID: 7400947158734317249}
  - {fileID: 4066542414122055977}
  - {fileID: 7532576284018971729}
  - {fileID: 2420541418275493788}
  - {fileID: 7913781155960799295}
  - {fileID: 4382069063310523471}
  - {fileID: 4580218575385684967}
  - {fileID: 5745729537138192760}
  m_Father: {fileID: 0}
  m_RootOrder: 0
  m_LocalEulerAnglesHint: {x: 0, y: 0, z: 0}
--- !u!114 &1101832826101347622
MonoBehaviour:
  m_ObjectHideFlags: 0
  m_CorrespondingSourceObject: {fileID: 0}
  m_PrefabInstance: {fileID: 0}
  m_PrefabAsset: {fileID: 0}
  m_GameObject: {fileID: 996339924042741499}
  m_Enabled: 1
  m_EditorHideFlags: 0
  m_Script: {fileID: 11500000, guid: 83976063d55421b48a32a7279980517b, type: 3}
  m_Name: 
  m_EditorClassIdentifier: 
--- !u!1001 &1330968722188599979
PrefabInstance:
  m_ObjectHideFlags: 0
  serializedVersion: 2
  m_Modification:
    m_TransformParent: {fileID: 996339924042741476}
    m_Modifications:
    - target: {fileID: 9199705083460993675, guid: c29383f5813c4114aa0b84afc47437d6,
        type: 3}
      propertyPath: m_Name
      value: Enemy_01(Medium) (5)
      objectReference: {fileID: 0}
    - target: {fileID: 9199705083460993684, guid: c29383f5813c4114aa0b84afc47437d6,
        type: 3}
      propertyPath: m_LocalPosition.x
      value: 20
      objectReference: {fileID: 0}
    - target: {fileID: 9199705083460993684, guid: c29383f5813c4114aa0b84afc47437d6,
        type: 3}
      propertyPath: m_LocalPosition.y
      value: 0
      objectReference: {fileID: 0}
    - target: {fileID: 9199705083460993684, guid: c29383f5813c4114aa0b84afc47437d6,
        type: 3}
      propertyPath: m_LocalPosition.z
      value: 20
      objectReference: {fileID: 0}
    - target: {fileID: 9199705083460993684, guid: c29383f5813c4114aa0b84afc47437d6,
        type: 3}
      propertyPath: m_LocalRotation.x
      value: 0
      objectReference: {fileID: 0}
    - target: {fileID: 9199705083460993684, guid: c29383f5813c4114aa0b84afc47437d6,
        type: 3}
      propertyPath: m_LocalRotation.y
      value: 0
      objectReference: {fileID: 0}
    - target: {fileID: 9199705083460993684, guid: c29383f5813c4114aa0b84afc47437d6,
        type: 3}
      propertyPath: m_LocalRotation.z
      value: 0
      objectReference: {fileID: 0}
    - target: {fileID: 9199705083460993684, guid: c29383f5813c4114aa0b84afc47437d6,
        type: 3}
      propertyPath: m_LocalRotation.w
      value: 1
      objectReference: {fileID: 0}
    - target: {fileID: 9199705083460993684, guid: c29383f5813c4114aa0b84afc47437d6,
        type: 3}
      propertyPath: m_RootOrder
      value: 5
      objectReference: {fileID: 0}
    - target: {fileID: 9199705083460993684, guid: c29383f5813c4114aa0b84afc47437d6,
        type: 3}
      propertyPath: m_LocalEulerAnglesHint.x
      value: 0
      objectReference: {fileID: 0}
    - target: {fileID: 9199705083460993684, guid: c29383f5813c4114aa0b84afc47437d6,
        type: 3}
      propertyPath: m_LocalEulerAnglesHint.y
      value: 0
      objectReference: {fileID: 0}
    - target: {fileID: 9199705083460993684, guid: c29383f5813c4114aa0b84afc47437d6,
        type: 3}
      propertyPath: m_LocalEulerAnglesHint.z
      value: 0
      objectReference: {fileID: 0}
    m_RemovedComponents: []
  m_SourcePrefab: {fileID: 100100000, guid: c29383f5813c4114aa0b84afc47437d6, type: 3}
--- !u!4 &7913781155960799295 stripped
Transform:
  m_CorrespondingSourceObject: {fileID: 9199705083460993684, guid: c29383f5813c4114aa0b84afc47437d6,
    type: 3}
  m_PrefabInstance: {fileID: 1330968722188599979}
  m_PrefabAsset: {fileID: 0}
--- !u!1001 &1667173197205198533
PrefabInstance:
  m_ObjectHideFlags: 0
  serializedVersion: 2
  m_Modification:
    m_TransformParent: {fileID: 996339924042741476}
    m_Modifications:
    - target: {fileID: 9199705083460993675, guid: c29383f5813c4114aa0b84afc47437d6,
        type: 3}
      propertyPath: m_Name
      value: Enemy_01(Medium) (3)
      objectReference: {fileID: 0}
    - target: {fileID: 9199705083460993684, guid: c29383f5813c4114aa0b84afc47437d6,
        type: 3}
      propertyPath: m_LocalPosition.x
      value: 100
      objectReference: {fileID: 0}
    - target: {fileID: 9199705083460993684, guid: c29383f5813c4114aa0b84afc47437d6,
        type: 3}
      propertyPath: m_LocalPosition.y
      value: -20
      objectReference: {fileID: 0}
    - target: {fileID: 9199705083460993684, guid: c29383f5813c4114aa0b84afc47437d6,
        type: 3}
      propertyPath: m_LocalPosition.z
      value: -40
      objectReference: {fileID: 0}
    - target: {fileID: 9199705083460993684, guid: c29383f5813c4114aa0b84afc47437d6,
        type: 3}
      propertyPath: m_LocalRotation.x
      value: 0
      objectReference: {fileID: 0}
    - target: {fileID: 9199705083460993684, guid: c29383f5813c4114aa0b84afc47437d6,
        type: 3}
      propertyPath: m_LocalRotation.y
      value: 0
      objectReference: {fileID: 0}
    - target: {fileID: 9199705083460993684, guid: c29383f5813c4114aa0b84afc47437d6,
        type: 3}
      propertyPath: m_LocalRotation.z
      value: 0
      objectReference: {fileID: 0}
    - target: {fileID: 9199705083460993684, guid: c29383f5813c4114aa0b84afc47437d6,
        type: 3}
      propertyPath: m_LocalRotation.w
      value: 1
      objectReference: {fileID: 0}
    - target: {fileID: 9199705083460993684, guid: c29383f5813c4114aa0b84afc47437d6,
        type: 3}
      propertyPath: m_RootOrder
      value: 3
      objectReference: {fileID: 0}
    - target: {fileID: 9199705083460993684, guid: c29383f5813c4114aa0b84afc47437d6,
        type: 3}
      propertyPath: m_LocalEulerAnglesHint.x
      value: 0
      objectReference: {fileID: 0}
    - target: {fileID: 9199705083460993684, guid: c29383f5813c4114aa0b84afc47437d6,
        type: 3}
      propertyPath: m_LocalEulerAnglesHint.y
      value: 0
      objectReference: {fileID: 0}
    - target: {fileID: 9199705083460993684, guid: c29383f5813c4114aa0b84afc47437d6,
        type: 3}
      propertyPath: m_LocalEulerAnglesHint.z
      value: 0
      objectReference: {fileID: 0}
    m_RemovedComponents: []
  m_SourcePrefab: {fileID: 100100000, guid: c29383f5813c4114aa0b84afc47437d6, type: 3}
--- !u!4 &7532576284018971729 stripped
Transform:
  m_CorrespondingSourceObject: {fileID: 9199705083460993684, guid: c29383f5813c4114aa0b84afc47437d6,
    type: 3}
  m_PrefabInstance: {fileID: 1667173197205198533}
  m_PrefabAsset: {fileID: 0}
--- !u!1001 &1810052542957610069
PrefabInstance:
  m_ObjectHideFlags: 0
  serializedVersion: 2
  m_Modification:
    m_TransformParent: {fileID: 996339924042741476}
    m_Modifications:
    - target: {fileID: 9199705083460993675, guid: c29383f5813c4114aa0b84afc47437d6,
        type: 3}
      propertyPath: m_Name
      value: Enemy_01(Medium) (1)
      objectReference: {fileID: 0}
    - target: {fileID: 9199705083460993684, guid: c29383f5813c4114aa0b84afc47437d6,
        type: 3}
      propertyPath: m_LocalPosition.x
      value: -60
      objectReference: {fileID: 0}
    - target: {fileID: 9199705083460993684, guid: c29383f5813c4114aa0b84afc47437d6,
        type: 3}
      propertyPath: m_LocalPosition.y
      value: 0
      objectReference: {fileID: 0}
    - target: {fileID: 9199705083460993684, guid: c29383f5813c4114aa0b84afc47437d6,
        type: 3}
      propertyPath: m_LocalPosition.z
      value: 0
      objectReference: {fileID: 0}
    - target: {fileID: 9199705083460993684, guid: c29383f5813c4114aa0b84afc47437d6,
        type: 3}
      propertyPath: m_LocalRotation.x
      value: 0
      objectReference: {fileID: 0}
    - target: {fileID: 9199705083460993684, guid: c29383f5813c4114aa0b84afc47437d6,
        type: 3}
      propertyPath: m_LocalRotation.y
      value: 0
      objectReference: {fileID: 0}
    - target: {fileID: 9199705083460993684, guid: c29383f5813c4114aa0b84afc47437d6,
        type: 3}
      propertyPath: m_LocalRotation.z
      value: 0
      objectReference: {fileID: 0}
    - target: {fileID: 9199705083460993684, guid: c29383f5813c4114aa0b84afc47437d6,
        type: 3}
      propertyPath: m_LocalRotation.w
      value: 1
      objectReference: {fileID: 0}
    - target: {fileID: 9199705083460993684, guid: c29383f5813c4114aa0b84afc47437d6,
        type: 3}
      propertyPath: m_RootOrder
      value: 1
      objectReference: {fileID: 0}
    - target: {fileID: 9199705083460993684, guid: c29383f5813c4114aa0b84afc47437d6,
        type: 3}
      propertyPath: m_LocalEulerAnglesHint.x
      value: 0
      objectReference: {fileID: 0}
    - target: {fileID: 9199705083460993684, guid: c29383f5813c4114aa0b84afc47437d6,
        type: 3}
      propertyPath: m_LocalEulerAnglesHint.y
      value: 0
      objectReference: {fileID: 0}
    - target: {fileID: 9199705083460993684, guid: c29383f5813c4114aa0b84afc47437d6,
        type: 3}
      propertyPath: m_LocalEulerAnglesHint.z
      value: 0
      objectReference: {fileID: 0}
    m_RemovedComponents: []
  m_SourcePrefab: {fileID: 100100000, guid: c29383f5813c4114aa0b84afc47437d6, type: 3}
--- !u!4 &7400947158734317249 stripped
Transform:
  m_CorrespondingSourceObject: {fileID: 9199705083460993684, guid: c29383f5813c4114aa0b84afc47437d6,
    type: 3}
  m_PrefabInstance: {fileID: 1810052542957610069}
  m_PrefabAsset: {fileID: 0}
--- !u!1001 &3465244598989435884
PrefabInstance:
  m_ObjectHideFlags: 0
  serializedVersion: 2
  m_Modification:
    m_TransformParent: {fileID: 996339924042741476}
    m_Modifications:
    - target: {fileID: 9199705083460993675, guid: c29383f5813c4114aa0b84afc47437d6,
        type: 3}
      propertyPath: m_Name
      value: Enemy_01(Medium) (8)
      objectReference: {fileID: 0}
    - target: {fileID: 9199705083460993684, guid: c29383f5813c4114aa0b84afc47437d6,
        type: 3}
      propertyPath: m_LocalPosition.x
      value: 0
      objectReference: {fileID: 0}
    - target: {fileID: 9199705083460993684, guid: c29383f5813c4114aa0b84afc47437d6,
        type: 3}
      propertyPath: m_LocalPosition.y
      value: 0
      objectReference: {fileID: 0}
    - target: {fileID: 9199705083460993684, guid: c29383f5813c4114aa0b84afc47437d6,
        type: 3}
      propertyPath: m_LocalPosition.z
      value: -80
      objectReference: {fileID: 0}
    - target: {fileID: 9199705083460993684, guid: c29383f5813c4114aa0b84afc47437d6,
        type: 3}
      propertyPath: m_LocalRotation.x
      value: 0
      objectReference: {fileID: 0}
    - target: {fileID: 9199705083460993684, guid: c29383f5813c4114aa0b84afc47437d6,
        type: 3}
      propertyPath: m_LocalRotation.y
      value: 0
      objectReference: {fileID: 0}
    - target: {fileID: 9199705083460993684, guid: c29383f5813c4114aa0b84afc47437d6,
        type: 3}
      propertyPath: m_LocalRotation.z
      value: 0
      objectReference: {fileID: 0}
    - target: {fileID: 9199705083460993684, guid: c29383f5813c4114aa0b84afc47437d6,
        type: 3}
      propertyPath: m_LocalRotation.w
      value: 1
      objectReference: {fileID: 0}
    - target: {fileID: 9199705083460993684, guid: c29383f5813c4114aa0b84afc47437d6,
        type: 3}
      propertyPath: m_RootOrder
      value: 8
      objectReference: {fileID: 0}
    - target: {fileID: 9199705083460993684, guid: c29383f5813c4114aa0b84afc47437d6,
        type: 3}
      propertyPath: m_LocalEulerAnglesHint.x
      value: 0
      objectReference: {fileID: 0}
    - target: {fileID: 9199705083460993684, guid: c29383f5813c4114aa0b84afc47437d6,
        type: 3}
      propertyPath: m_LocalEulerAnglesHint.y
      value: 0
      objectReference: {fileID: 0}
    - target: {fileID: 9199705083460993684, guid: c29383f5813c4114aa0b84afc47437d6,
        type: 3}
      propertyPath: m_LocalEulerAnglesHint.z
      value: 0
      objectReference: {fileID: 0}
    m_RemovedComponents: []
  m_SourcePrefab: {fileID: 100100000, guid: c29383f5813c4114aa0b84afc47437d6, type: 3}
--- !u!4 &5745729537138192760 stripped
Transform:
  m_CorrespondingSourceObject: {fileID: 9199705083460993684, guid: c29383f5813c4114aa0b84afc47437d6,
    type: 3}
  m_PrefabInstance: {fileID: 3465244598989435884}
  m_PrefabAsset: {fileID: 0}
--- !u!1001 &3953105651399662554
PrefabInstance:
  m_ObjectHideFlags: 0
  serializedVersion: 2
  m_Modification:
    m_TransformParent: {fileID: 996339924042741476}
    m_Modifications:
    - target: {fileID: 9199705083460993675, guid: c29383f5813c4114aa0b84afc47437d6,
        type: 3}
      propertyPath: m_Name
      value: Enemy_01(Medium)
      objectReference: {fileID: 0}
    - target: {fileID: 9199705083460993684, guid: c29383f5813c4114aa0b84afc47437d6,
        type: 3}
      propertyPath: m_LocalPosition.x
      value: 20
      objectReference: {fileID: 0}
    - target: {fileID: 9199705083460993684, guid: c29383f5813c4114aa0b84afc47437d6,
        type: 3}
      propertyPath: m_LocalPosition.y
      value: 10
      objectReference: {fileID: 0}
    - target: {fileID: 9199705083460993684, guid: c29383f5813c4114aa0b84afc47437d6,
        type: 3}
      propertyPath: m_LocalPosition.z
      value: 0
      objectReference: {fileID: 0}
    - target: {fileID: 9199705083460993684, guid: c29383f5813c4114aa0b84afc47437d6,
        type: 3}
      propertyPath: m_LocalRotation.x
      value: 0
      objectReference: {fileID: 0}
    - target: {fileID: 9199705083460993684, guid: c29383f5813c4114aa0b84afc47437d6,
        type: 3}
      propertyPath: m_LocalRotation.y
      value: 0
      objectReference: {fileID: 0}
    - target: {fileID: 9199705083460993684, guid: c29383f5813c4114aa0b84afc47437d6,
        type: 3}
      propertyPath: m_LocalRotation.z
      value: 0
      objectReference: {fileID: 0}
    - target: {fileID: 9199705083460993684, guid: c29383f5813c4114aa0b84afc47437d6,
        type: 3}
      propertyPath: m_LocalRotation.w
      value: 1
      objectReference: {fileID: 0}
    - target: {fileID: 9199705083460993684, guid: c29383f5813c4114aa0b84afc47437d6,
        type: 3}
      propertyPath: m_RootOrder
      value: 0
      objectReference: {fileID: 0}
    - target: {fileID: 9199705083460993684, guid: c29383f5813c4114aa0b84afc47437d6,
        type: 3}
      propertyPath: m_LocalEulerAnglesHint.x
      value: 0
      objectReference: {fileID: 0}
    - target: {fileID: 9199705083460993684, guid: c29383f5813c4114aa0b84afc47437d6,
        type: 3}
      propertyPath: m_LocalEulerAnglesHint.y
      value: 0
      objectReference: {fileID: 0}
    - target: {fileID: 9199705083460993684, guid: c29383f5813c4114aa0b84afc47437d6,
        type: 3}
      propertyPath: m_LocalEulerAnglesHint.z
      value: 0
      objectReference: {fileID: 0}
    m_RemovedComponents: []
  m_SourcePrefab: {fileID: 100100000, guid: c29383f5813c4114aa0b84afc47437d6, type: 3}
--- !u!4 &5293888647543150926 stripped
Transform:
  m_CorrespondingSourceObject: {fileID: 9199705083460993684, guid: c29383f5813c4114aa0b84afc47437d6,
    type: 3}
  m_PrefabInstance: {fileID: 3953105651399662554}
  m_PrefabAsset: {fileID: 0}
--- !u!1001 &4628538847218510195
PrefabInstance:
  m_ObjectHideFlags: 0
  serializedVersion: 2
  m_Modification:
    m_TransformParent: {fileID: 996339924042741476}
    m_Modifications:
    - target: {fileID: 9199705083460993675, guid: c29383f5813c4114aa0b84afc47437d6,
        type: 3}
      propertyPath: m_Name
      value: Enemy_01(Medium) (7)
      objectReference: {fileID: 0}
    - target: {fileID: 9199705083460993684, guid: c29383f5813c4114aa0b84afc47437d6,
        type: 3}
      propertyPath: m_LocalPosition.x
      value: -20
      objectReference: {fileID: 0}
    - target: {fileID: 9199705083460993684, guid: c29383f5813c4114aa0b84afc47437d6,
        type: 3}
      propertyPath: m_LocalPosition.y
      value: 0
      objectReference: {fileID: 0}
    - target: {fileID: 9199705083460993684, guid: c29383f5813c4114aa0b84afc47437d6,
        type: 3}
      propertyPath: m_LocalPosition.z
      value: 20
      objectReference: {fileID: 0}
    - target: {fileID: 9199705083460993684, guid: c29383f5813c4114aa0b84afc47437d6,
        type: 3}
      propertyPath: m_LocalRotation.x
      value: 0
      objectReference: {fileID: 0}
    - target: {fileID: 9199705083460993684, guid: c29383f5813c4114aa0b84afc47437d6,
        type: 3}
      propertyPath: m_LocalRotation.y
      value: 0
      objectReference: {fileID: 0}
    - target: {fileID: 9199705083460993684, guid: c29383f5813c4114aa0b84afc47437d6,
        type: 3}
      propertyPath: m_LocalRotation.z
      value: 0
      objectReference: {fileID: 0}
    - target: {fileID: 9199705083460993684, guid: c29383f5813c4114aa0b84afc47437d6,
        type: 3}
      propertyPath: m_LocalRotation.w
      value: 1
      objectReference: {fileID: 0}
    - target: {fileID: 9199705083460993684, guid: c29383f5813c4114aa0b84afc47437d6,
        type: 3}
      propertyPath: m_RootOrder
      value: 7
      objectReference: {fileID: 0}
    - target: {fileID: 9199705083460993684, guid: c29383f5813c4114aa0b84afc47437d6,
        type: 3}
      propertyPath: m_LocalEulerAnglesHint.x
      value: 0
      objectReference: {fileID: 0}
    - target: {fileID: 9199705083460993684, guid: c29383f5813c4114aa0b84afc47437d6,
        type: 3}
      propertyPath: m_LocalEulerAnglesHint.y
      value: 0
      objectReference: {fileID: 0}
    - target: {fileID: 9199705083460993684, guid: c29383f5813c4114aa0b84afc47437d6,
        type: 3}
      propertyPath: m_LocalEulerAnglesHint.z
      value: 0
      objectReference: {fileID: 0}
    m_RemovedComponents: []
  m_SourcePrefab: {fileID: 100100000, guid: c29383f5813c4114aa0b84afc47437d6, type: 3}
--- !u!4 &4580218575385684967 stripped
Transform:
  m_CorrespondingSourceObject: {fileID: 9199705083460993684, guid: c29383f5813c4114aa0b84afc47437d6,
    type: 3}
  m_PrefabInstance: {fileID: 4628538847218510195}
  m_PrefabAsset: {fileID: 0}
--- !u!1001 &4862717238464380635
PrefabInstance:
  m_ObjectHideFlags: 0
  serializedVersion: 2
  m_Modification:
    m_TransformParent: {fileID: 996339924042741476}
    m_Modifications:
    - target: {fileID: 9199705083460993675, guid: c29383f5813c4114aa0b84afc47437d6,
        type: 3}
      propertyPath: m_Name
      value: Enemy_01(Medium) (6)
      objectReference: {fileID: 0}
    - target: {fileID: 9199705083460993684, guid: c29383f5813c4114aa0b84afc47437d6,
        type: 3}
      propertyPath: m_LocalPosition.x
      value: -20
      objectReference: {fileID: 0}
    - target: {fileID: 9199705083460993684, guid: c29383f5813c4114aa0b84afc47437d6,
        type: 3}
      propertyPath: m_LocalPosition.y
      value: 10
      objectReference: {fileID: 0}
    - target: {fileID: 9199705083460993684, guid: c29383f5813c4114aa0b84afc47437d6,
        type: 3}
      propertyPath: m_LocalPosition.z
      value: 0
      objectReference: {fileID: 0}
    - target: {fileID: 9199705083460993684, guid: c29383f5813c4114aa0b84afc47437d6,
        type: 3}
      propertyPath: m_LocalRotation.x
      value: 0
      objectReference: {fileID: 0}
    - target: {fileID: 9199705083460993684, guid: c29383f5813c4114aa0b84afc47437d6,
        type: 3}
      propertyPath: m_LocalRotation.y
      value: 0
      objectReference: {fileID: 0}
    - target: {fileID: 9199705083460993684, guid: c29383f5813c4114aa0b84afc47437d6,
        type: 3}
      propertyPath: m_LocalRotation.z
      value: 0
      objectReference: {fileID: 0}
    - target: {fileID: 9199705083460993684, guid: c29383f5813c4114aa0b84afc47437d6,
        type: 3}
      propertyPath: m_LocalRotation.w
      value: 1
      objectReference: {fileID: 0}
    - target: {fileID: 9199705083460993684, guid: c29383f5813c4114aa0b84afc47437d6,
        type: 3}
      propertyPath: m_RootOrder
      value: 6
      objectReference: {fileID: 0}
    - target: {fileID: 9199705083460993684, guid: c29383f5813c4114aa0b84afc47437d6,
        type: 3}
      propertyPath: m_LocalEulerAnglesHint.x
      value: 0
      objectReference: {fileID: 0}
    - target: {fileID: 9199705083460993684, guid: c29383f5813c4114aa0b84afc47437d6,
        type: 3}
      propertyPath: m_LocalEulerAnglesHint.y
      value: 0
      objectReference: {fileID: 0}
    - target: {fileID: 9199705083460993684, guid: c29383f5813c4114aa0b84afc47437d6,
        type: 3}
      propertyPath: m_LocalEulerAnglesHint.z
      value: 0
      objectReference: {fileID: 0}
    m_RemovedComponents: []
  m_SourcePrefab: {fileID: 100100000, guid: c29383f5813c4114aa0b84afc47437d6, type: 3}
--- !u!4 &4382069063310523471 stripped
Transform:
  m_CorrespondingSourceObject: {fileID: 9199705083460993684, guid: c29383f5813c4114aa0b84afc47437d6,
    type: 3}
  m_PrefabInstance: {fileID: 4862717238464380635}
  m_PrefabAsset: {fileID: 0}
--- !u!1001 &5171444981801532349
PrefabInstance:
  m_ObjectHideFlags: 0
  serializedVersion: 2
  m_Modification:
    m_TransformParent: {fileID: 996339924042741476}
    m_Modifications:
    - target: {fileID: 9199705083460993675, guid: c29383f5813c4114aa0b84afc47437d6,
        type: 3}
      propertyPath: m_Name
      value: Enemy_01(Medium) (2)
      objectReference: {fileID: 0}
    - target: {fileID: 9199705083460993684, guid: c29383f5813c4114aa0b84afc47437d6,
        type: 3}
      propertyPath: m_LocalPosition.x
      value: 60
      objectReference: {fileID: 0}
    - target: {fileID: 9199705083460993684, guid: c29383f5813c4114aa0b84afc47437d6,
        type: 3}
      propertyPath: m_LocalPosition.y
      value: 0
      objectReference: {fileID: 0}
    - target: {fileID: 9199705083460993684, guid: c29383f5813c4114aa0b84afc47437d6,
        type: 3}
      propertyPath: m_LocalPosition.z
      value: 0
      objectReference: {fileID: 0}
    - target: {fileID: 9199705083460993684, guid: c29383f5813c4114aa0b84afc47437d6,
        type: 3}
      propertyPath: m_LocalRotation.x
      value: 0
      objectReference: {fileID: 0}
    - target: {fileID: 9199705083460993684, guid: c29383f5813c4114aa0b84afc47437d6,
        type: 3}
      propertyPath: m_LocalRotation.y
      value: 0
      objectReference: {fileID: 0}
    - target: {fileID: 9199705083460993684, guid: c29383f5813c4114aa0b84afc47437d6,
        type: 3}
      propertyPath: m_LocalRotation.z
      value: 0
      objectReference: {fileID: 0}
    - target: {fileID: 9199705083460993684, guid: c29383f5813c4114aa0b84afc47437d6,
        type: 3}
      propertyPath: m_LocalRotation.w
      value: 1
      objectReference: {fileID: 0}
    - target: {fileID: 9199705083460993684, guid: c29383f5813c4114aa0b84afc47437d6,
        type: 3}
      propertyPath: m_RootOrder
      value: 2
      objectReference: {fileID: 0}
    - target: {fileID: 9199705083460993684, guid: c29383f5813c4114aa0b84afc47437d6,
        type: 3}
      propertyPath: m_LocalEulerAnglesHint.x
      value: 0
      objectReference: {fileID: 0}
    - target: {fileID: 9199705083460993684, guid: c29383f5813c4114aa0b84afc47437d6,
        type: 3}
      propertyPath: m_LocalEulerAnglesHint.y
      value: 0
      objectReference: {fileID: 0}
    - target: {fileID: 9199705083460993684, guid: c29383f5813c4114aa0b84afc47437d6,
        type: 3}
      propertyPath: m_LocalEulerAnglesHint.z
      value: 0
      objectReference: {fileID: 0}
    m_RemovedComponents: []
  m_SourcePrefab: {fileID: 100100000, guid: c29383f5813c4114aa0b84afc47437d6, type: 3}
--- !u!4 &4066542414122055977 stripped
Transform:
  m_CorrespondingSourceObject: {fileID: 9199705083460993684, guid: c29383f5813c4114aa0b84afc47437d6,
    type: 3}
  m_PrefabInstance: {fileID: 5171444981801532349}
  m_PrefabAsset: {fileID: 0}
--- !u!1001 &6790467885172135176
PrefabInstance:
  m_ObjectHideFlags: 0
  serializedVersion: 2
  m_Modification:
    m_TransformParent: {fileID: 996339924042741476}
    m_Modifications:
    - target: {fileID: 9199705083460993675, guid: c29383f5813c4114aa0b84afc47437d6,
        type: 3}
      propertyPath: m_Name
      value: Enemy_01(Medium) (4)
      objectReference: {fileID: 0}
    - target: {fileID: 9199705083460993684, guid: c29383f5813c4114aa0b84afc47437d6,
        type: 3}
      propertyPath: m_LocalPosition.x
      value: -100
      objectReference: {fileID: 0}
    - target: {fileID: 9199705083460993684, guid: c29383f5813c4114aa0b84afc47437d6,
        type: 3}
      propertyPath: m_LocalPosition.y
      value: -20
      objectReference: {fileID: 0}
    - target: {fileID: 9199705083460993684, guid: c29383f5813c4114aa0b84afc47437d6,
        type: 3}
      propertyPath: m_LocalPosition.z
      value: -40
      objectReference: {fileID: 0}
    - target: {fileID: 9199705083460993684, guid: c29383f5813c4114aa0b84afc47437d6,
        type: 3}
      propertyPath: m_LocalRotation.x
      value: 0
      objectReference: {fileID: 0}
    - target: {fileID: 9199705083460993684, guid: c29383f5813c4114aa0b84afc47437d6,
        type: 3}
      propertyPath: m_LocalRotation.y
      value: 0
      objectReference: {fileID: 0}
    - target: {fileID: 9199705083460993684, guid: c29383f5813c4114aa0b84afc47437d6,
        type: 3}
      propertyPath: m_LocalRotation.z
      value: 0
      objectReference: {fileID: 0}
    - target: {fileID: 9199705083460993684, guid: c29383f5813c4114aa0b84afc47437d6,
        type: 3}
      propertyPath: m_LocalRotation.w
      value: 1
      objectReference: {fileID: 0}
    - target: {fileID: 9199705083460993684, guid: c29383f5813c4114aa0b84afc47437d6,
        type: 3}
      propertyPath: m_RootOrder
      value: 4
      objectReference: {fileID: 0}
    - target: {fileID: 9199705083460993684, guid: c29383f5813c4114aa0b84afc47437d6,
        type: 3}
      propertyPath: m_LocalEulerAnglesHint.x
      value: 0
      objectReference: {fileID: 0}
    - target: {fileID: 9199705083460993684, guid: c29383f5813c4114aa0b84afc47437d6,
        type: 3}
      propertyPath: m_LocalEulerAnglesHint.y
      value: 0
      objectReference: {fileID: 0}
    - target: {fileID: 9199705083460993684, guid: c29383f5813c4114aa0b84afc47437d6,
        type: 3}
      propertyPath: m_LocalEulerAnglesHint.z
      value: 0
      objectReference: {fileID: 0}
    m_RemovedComponents: []
  m_SourcePrefab: {fileID: 100100000, guid: c29383f5813c4114aa0b84afc47437d6, type: 3}
--- !u!4 &2420541418275493788 stripped
Transform:
  m_CorrespondingSourceObject: {fileID: 9199705083460993684, guid: c29383f5813c4114aa0b84afc47437d6,
    type: 3}
  m_PrefabInstance: {fileID: 6790467885172135176}
  m_PrefabAsset: {fileID: 0}
